@article{calogan,
  title={CaloGAN: Simulating 3D High Energy Particle Showers in Multi-Layer Electromagnetic Calorimeters with Generative Adversarial Networks},
  author={Paganini, Michela and de Oliveira, Luke and Nachman, Benjamin},
  journal={Physical Review D},
  volume={97},
  number={1},
  pages={014021},
  year={2018},
  doi={10.1103/PhysRevD.97.014021},
  archivePrefix={arXiv},
  eprint={1712.10321},
  primaryClass={hep-ex}
}

@article{particlenet,
  title={ParticleNet: Jet Tagging via Particle Clouds},
  author={Qu, Huilin and Gouskos, Loukas},
  journal={Physical Review D},
  volume={101},
  number={5},
  pages={056019},
  year={2020},
  doi={10.1103/PhysRevD.101.056019},
  archivePrefix={arXiv},
  eprint={1902.08570},
  primaryClass={hep-ph}
}

@article{Reinforcement,
  title={Particle Physics Model Building with Reinforcement Learning},
  author={Harvey, T. R. and Lukas, A.},
  journal={arXiv preprint arXiv:2103.04759},
  year={2021},
  archivePrefix={arXiv},
  eprint={2103.04759},
  primaryClass={hep-th}
}

@article{LorentzNet,
  title={LorentzNet: Lorentz Equivariant Graph Neural Network for Particle Physics},
  author={Komiske, Patrick T. and Metodiev, Eric M. and Thaler, Jesse},
  journal={arXiv preprint arXiv:2305.12149},
  year={2023},
  archivePrefix={arXiv},
  eprint={2305.12149},
  primaryClass={hep-ph}
}

@article{gnntracking,
  title={Graph Neural Networks for Charged Particle Tracking at the LHC},
  author={Shmakov, Konstantin and others},
  journal={arXiv preprint arXiv:2201.08187},
  year={2022},
  archivePrefix={arXiv},
  eprint={2201.08187},
  primaryClass={hep-ex}
}

@misc{atlas_ml,
  author       = {{ATLAS Collaboration}},
  title        = {Learning by machines, for machines: Artificial Intelligence in the world's largest particle detector},
  year         = {2021},
  url          = {https://atlas.cern/Updates/Feature/Machine-Learning},
  note         = {Accessed: 2025-05-15}
}

@misc{geant4,
  author       = {{Geant4 Collaboration}},
  title        = {Geant4: A toolkit for the simulation of the passage of particles through matter},
  year         = {2024},
  howpublished = {\url{https://geant4.web.cern.ch/}},
  note         = {Accessed: 2025-05-15}
}
